@techreport{pagerank,
  title={The PageRank citation ranking: Bringing order to the web.},
  author={Page, Lawrence and Brin, Sergey and Motwani, Rajeev and Winograd, Terry},
  year={1999},
  institution={Stanford InfoLab}
}

@inproceedings{networkx,
	author = {Aric A. Hagberg and Daniel A. Schult and Pieter J. Swart},
	title = {Exploring network structure, dynamics, and function using {NetworkX}},
	year = {2008},
	month = Aug,
	urlpdf = {http://math.lanl.gov/~hagberg/Papers/hagberg-2008-exploring.pdf},
	booktitle = {Proceedings of the 7th Python in Science Conference (SciPy2008)},
	editors = {G\"{a}el Varoquaux, Travis Vaught, and Jarrod Millman},
	address = {Pasadena, CA USA},
	pages = {11--15}
}

@misc{packagist-api,
	title = {Packagist {API} documentation},
	year = 2011,
	howpublished = {\url{https://packagist.org/apidoc}},
	note = {Accessed: 2017-05-01}
}

@article{zipf,
  title={Random texts exhibit Zipf's-law-like word frequency distribution},
  author={Li, Wentian},
  journal={IEEE Transactions on information theory},
  volume={38},
  number={6},
  pages={1842--1845},
  year={1992},
  publisher={IEEE}
}
